@article{hornik89universal,
    author = {Hornik, K. and Stinchcombe, M. and White, H.},
    title = {Multilayer Feedforward Networks Are Universal Approximators},
    journal = {Neural Netw.},
    issue_date = {1989},
    volume = {2},
    number = {5},
    month = jul,
    year = {1989},
    issn = {0893-6080},
    pages = {359--366},
    numpages = {8},
    url = {http://dx.doi.org/10.1016/0893-6080(89)90020-8},
    doi = {10.1016/0893-6080(89)90020-8},
    acmid = {70408},
    publisher = {Elsevier Science Ltd.},
    address = {Oxford, UK, UK},
}

@article{mcculloch43mcp,
    year={1943},
    issn={0007-4985},
    journal={The bulletin of mathematical biophysics},
    volume={5},
    number={4},
    doi={10.1007/BF02478259},
    title={A logical calculus of the ideas immanent in nervous activity},
    url={http://dx.doi.org/10.1007/BF02478259},
    publisher={Kluwer Academic Publishers},
    author={McCulloch, Warren S. and Pitts, Walter},
    pages={115-133},
    language={English}
}

@article{rosenblatt58perceptron,
    author = {Rosenblatt, Frank},
    biburl = {http://www.bibsonomy.org/bibtex/2afcce29c2471aaa8480d2c2159361e88/yfpeng},
    interhash = {dc0cef9dc06033a04f525efdcde7a660},
    intrahash = {afcce29c2471aaa8480d2c2159361e88},
    journal = {Psychological Review},
    keywords = {imported},
    number = 6,
    pages = {386-408},
    timestamp = {2013-09-13T01:44:06.000+0200},
    title = {The Perceptron: A Probabilistic Model for Information Storage and Organization in the Brain},
    volume = 65,
    year = 1958
}

@article{cybenko89mlp,
    author = {Cybenko, G.},
    biburl = {http://www.bibsonomy.org/bibtex/213bb93b8812940a05dbffc1062db3983/idsia},
    interhash = {96aecb02daa11041489259a8edb54070},
    intrahash = {13bb93b8812940a05dbffc1062db3983},
    journal = {Mathematics of Control, Signals, and Systems},
    keywords = {inaki},
    pages = {303--314},
    priority = {2},
    timestamp = {2008-03-11T14:52:34.000+0100},
    title = {Approximation by Superpositions of a Sigmoidal Function},
    volume = 2,
    year = 1989
}

@inproceedings{kaiser94tdnn,
    author = {M. Kaiser},
    title = {Time-Delay Neural Networks For Control},
    booktitle = {In Proceedings of the Symposium on Robot Control '94 (SYROCO '94},
    year = {1994}
}

@article{miglino96evolving,
    author = {Miglino, O. and Lund, H. and Nolfi, S.},
    title = {Evolving Mobile Robots in Simulated and Real Environments},
    journal = {Artificial Life},
    year = {1996},
    volume = {2},
    pages = {417--434}
}

@inproceedings{russell94trails,
    author={Russell, A. and Thiel, D. and Mackay-Sim, A.},
    booktitle={Robotics and Automation, 1994. Proceedings., 1994 IEEE International Conference on},
    title={Sensing odour trails for mobile robot navigation},
    year={1994},
    pages={2672-2677 vol.3},
    keywords={mobile robots;navigation;mobile robot navigation;olfactory sensor;sensing odour trails;sensor response time;volatile chemicals;Chemical sensors;Insects;Intelligent robots;Microelectronics;Mobile robots;Navigation;Olfactory;Prototypes;Robot sensing systems;Systems engineering and theory},
    doi={10.1109/ROBOT.1994.351111}
}

@inproceedings{fujisawa2008pheromone,
    author={Fujisawa, R. and Imamura, H. and Hashimoto, T. and Matsuno, F.},
    booktitle={Intelligent Robots and Systems, 2008. IROS 2008. IEEE/RSJ International Conference on},
    title={Communication using pheromone field for multiple robots},
    year={2008},
    pages={1391-1396},
    keywords={intelligent robots;multi-robot systems;computational grids;multiple robots;pheromone field;swarm behavior algorithm;swarm robotics;Collision avoidance;Computational modeling;Ethanol;Mobile robots;Robot kinematics;Robot sensing systems;Robots},
    doi={10.1109/IROS.2008.4650971}
}

@inproceedings{mondada2009epuck,
    author={Mondada, F. and Bonani, M. and Raemy, X. and Pugh, J. and Cianci, C. and Klaptocz, A. and Magnenat, S. and Zufferey, J.-C. and Floreano, D. and Martinoli, A.},
    booktitle={Proceedings of the 9th Conference on Autonomous Robot Systems and Competitions},
    title={The e-puck, a Robot Designed for Education in Engineering},
    year={2009},
    pages={59-65}
}

@article{sperati2011path,
    author    = {Valerio Sperati and Vito Trianni and Stefano Nolfi},
    title     = {Self-organised path formation in a swarm of robots},
    journal   = {Swarm Intelligence},
    volume    = {5},
    number    = {2},
    year      = {2011},
    pages     = {97-119},
    ee        = {http://dx.doi.org/10.1007/s11721-011-0055-y},
    bibsource = {DBLP, http://dblp.uni-trier.de}
}

@article{trianni2011swarm,
    author    = {Vito Trianni and
               Elio Tuci and
               Kevin M. Passino and
               James A. R. Marshall},
    title     = {Swarm Cognition: an interdisciplinary approach tothestudy
               of self-organising biological collectives},
    journal   = {Swarm Intelligence},
    volume    = {5},
    number    = {1},
    year      = {2011},
    pages     = {3-18},
    ee        = {http://dx.doi.org/10.1007/s11721-010-0050-8},
    bibsource = {DBLP, http://dblp.uni-trier.de}
}

@book{bonabeau1999swarm,
    address = {New York, NY, USA},
    author = {Bonabeau, Eric and Dorigo, Marco and Theraulaz, Guy},
    isbn = {0195131592},
    keywords = {artificial, complex, emergence, eni, intelligence, networks, sociocognitive, swarm, systems},
    posted-at = {2005-12-08 15:56:47},
    priority = {2},
    publisher = {Oxford University Press, Inc.},
    title = {{Swarm intelligence: from natural to artificial systems}},
    url = {http://portal.acm.org/citation.cfm?id=328320},
    year = {1999}
}

@book{kennedy2001swarm,
    author = {Kennedy, James and Eberhart, Russell C.},
    title = {Swarm Intelligence},
    year = {2001},
    isbn = {1-55860-595-9},
    publisher = {Morgan Kaufmann Publishers Inc.},
    address = {San Francisco, CA, USA},
}

@article{navarro2012introduction,
    title={An Introduction to Swarm Robotics},
    author={Navarro, I{\~n}aki and Mat{\'\i}a, Fernando},
    journal={ISRN Robotics},
    number={In press},
    year={2012}
}

@article{gross2006autonomous,
    author={Gross, R. and Bonani, M. and Mondada, F. and Dorigo, M.},
    journal={Robotics, IEEE Transactions on},
    title={Autonomous Self-Assembly in Swarm-Bots},
    year={2006},
    volume={22},
    number={6},
    pages={1115-1130},
    keywords={mobile robots;multi-robot systems;self-adjusting systems;telerobotics;autonomous mobile robots;autonomous self-assembly;grippers;swarm-bot;Associate members;DNA;Displays;Grippers;Laboratories;Mobile robots;Morphology;Robotic assembly;Robustness;Self-assembly;Autonomous;collective;distributed;modular;reconfigurable;self-assembly;swarm robotics;swarm-bot},
    doi={10.1109/TRO.2006.882919},
    ISSN={1552-3098}
}

@article{sperati2008evolving,
    year={2008},
    issn={1935-3812},
    journal={Swarm Intelligence},
    volume={2},
    number={2-4},
    title={Evolving coordinated group behaviours through maximisation of mean mutual information},
    publisher={Springer US},
    keywords={Evolutionary robotics; Information theory; Mutual information},
    author={Sperati, Valerio and Trianni, Vito and Nolfi, Stefano},
    pages={73-95},
    language={English}
}

@inproceedings{christensen2007mechanism,
    author = {Anders Lyhne Christensen and Marco Dorigo},
    title = {A mechanism to self-assemble patterns with autonomous robots},
    booktitle = {Advances in Artificial Life. Proc. of the 9th European Conference on Artificial Life (ECAL 2007), volume 4648 of Lecture Notes in Artificial Intelligence},
    year = {2007},
    pages = {716--725},
    publisher = {Springer Verlag}
}